@book{HaMo, 
title={Moduli of Curves (Graduate Texts in Mathematics)},
author={Joe Harris, Ian Morrison},
publisher={Springer},
year={1998},
month={8},
edition={1998},
isbn={9780387984292},
totalpages={388},
timestamp={2018.03.17},
}

@book{HarAG, 
title={Algebraic Geometry (Graduate Texts in Mathematics. 52)},
author={Robin Hartshorne},
publisher={Springer},
year={1997},
month={4},
edition={1st ed. 1977. Corr. 8th printing 1997},
isbn={9780387902449},
totalpages={496},
timestamp={2018.03.17},
}

@book{Ati-Mac, 
title={Atiyah‐MacDonald 可換代数入門},
author={M.F. Atiyah, I.G. MacDonald},
publisher={共立出版},
year={2006},
month={2},
isbn={9784320017917},
totalpages={204},
timestamp={2018.03.17},
}

@book{Mat, 
title={Commutative Ring Theory (Cambridge Studies in Advanced Mathematics)},
author={Hideyuki Matsumura},
publisher={Cambridge University Press},
year={1989},
month={5},
edition={Revised},
isbn={9780521367646},
totalpages={336},
timestamp={2018.03.17},
}

@book{Awodey, 
title={Category Theory (Oxford Logic Guides)},
author={Steve Awodey},
publisher={Oxford University Press, U.S.A.},
year={2010},
month={8},
edition={2},
}

@book{Muk1, 
title={モジュライ理論〈1〉},
author={向井 茂},
publisher={岩波書店},
year={2008},
month={12},
isbn={9784000060578},
totalpages={174},
timestamp={2018.03.18},
}

@book{HarDef, 
title={Deformation Theory (Graduate Texts in Mathematics)},
author={Robin Hartshorne},
publisher={Springer},
year={2009},
month={12},
edition={2010},
isbn={9781441915955},
totalpages={234},
timestamp={2018.03.18},
}

@book{Eisen, 
title={Commutative Algebra: with a View Toward Algebraic Geometry (Graduate Texts in Mathematics)},
author={David Eisenbud},
publisher={Springer},
year={1999},
month={3},
edition={1st ed. 1995. Corr. 3rd printing 1999},
isbn={9780387942698},
totalpages={820},
timestamp={2018.03.18},
}

@book{GIT, 
title={Geometric Invariant Theory (Ergebnisse der Mathematik und ihrer Grenzgebiete 34)},
author={David Mumford, John Fogarty, Frances Kirwan},
publisher={Springer-Verlag},
year={1992},
edition={3rd ed.},
}

@article{Ses,
ISSN = {0003486X},
url = {http://www.jstor.org/stable/1970870},
author = {C. S. Seshadri},
journal = {Annals of Mathematics},
number = {3},
pages = {511--556},
publisher = {Annals of Mathematics},
title = {Quotient Spaces Modulo Reductive Algebraic Groups},
volume = {95},
year = {1972}
}

@misc{Hos,
    author={Victoria Hoskins},
    title={Moduli Problems and Geometric Invariant Theory},
    note="\url{https://userpage.fu-berlin.de/hoskins/M15_Lecture_notes.pdf}",
    year={2016},
}

@misc{MilneAGS,
    author={J. Milne},
    title={The basic theory of affine group schemes},
    note="\url{http://www.jmilne.org/math/CourseNotes/AGS.pdf}",
}

@misc{MilneAGS,
    author={James Milne},
    title={Algebraic Groups},
    note="\url{http://www.jmilne.org/math/CourseNotes/iAG200.pdf}",
}

@book{GACI, 
title={Geometry of Algebraic Curves: Volume I (Grundlehren der mathematischen Wissenschaften)},
author={Enrico Arbarello, Maurizio Cornalba, Phillip Griffiths, Joseph Daniel Harris},
publisher={Springer},
year={2006},
month={6},
edition={1st ed. 1985, Corr. 2nd printing 2007},
isbn={9780387909974},
totalpages={387},
}

@book{GACII, 
title={Geometry of Algebraic Curves: Volume II with a contribution by Joseph Daniel Harris (Grundlehren der mathematischen Wissenschaften)},
author={Enrico Arbarello and Maurizio Cornalba and Phillip Griffiths},
publisher={Springer},
year={2011},
month={4},
edition={2011},
isbn={9783540426882},
totalpages={963},
}

@misc{JTev,
title={Moduli Spaces and Invariant Theory},
author={Jenia Tevelev},
note="\url{http://people.math.umass.edu/~tevelev/797_2017/}"
}

@book{IntroFam,
  title={An Introduction to Families, Deformations and Moduli},
  author={Balaji, T.E.V., Deutsche Nationalbibliothek},
  isbn={9783941875326},
  series={Universit{\"a}tsdrucke G{\"o}ttingen},
  year={2010},
  publisher={Universit{\"a}tsverlag G{\"o}ttingen}
}

@misc{NoteGroTop,
    title={Notes on Grothendieck topologies, fibered categories and descent theory (Version of October 2, 2008)},
    author={Angelo Vistoli},
    note={\url{http://homepage.sns.it/vistoli/descent.pdf}}
}

@article{IrrOfMg,
author={Pierre Deligne and David Mumford},
title={The irreducibility of the space of curves of given genus},
journal={Publications Math{\'e}matiques de l'Institut des Hautes {\'E}tudes Scientifiques},
year={1969},
month={Jan},
day={01},
volume={36},
number={1},
pages={75--109},
}

@book{Liu,
  author = "Liu, Qing",
  author = "Erné, Reinie",
  title = "Algebraic geometry and arithmetic curves",
  year = "2006",
  publisher = "Oxford University Press",
  address = "Oxford, United Kingdom",
}

@misc{IntroFibCat,
    author={Behrang Noohi},
    title={A Quick Introduction to Fibered Categories and Topological Stacks},
    note={\url{http://www.maths.qmul.ac.uk/~noohi/papers/quick.pdf}}
}

@book{Shiho, 
    title={層とホモロジー代数 (共立講座 - 数学の魅力)},
    author={志甫 淳},
    publisher={共立出版},
    year={2016},
    month={1},
    isbn={9784320111608},
    totalpages={384},
}

@book{ASS,
    title={Algebraic Spaces and Stacks (American Mathematical Society Colloquium Publications)},
    author={Martin Olsson},
    publisher={Amer Mathematical Society},
    year={2016},
    month={4},
    isbn={9781470427986},
}

@misc{StacksProj,
    author       = {The {Stacks Project Authors}},
    title        = {\textit{Stacks Project}},
    howpublished = {\url{https://stacks.math.columbia.edu}},
    year         = {2019},
}

@misc{SP,
    author       = {The {Stacks Project Authors}},
    title        = {\textit{Stacks Project}},
    howpublished = {\url{https://stacks.math.columbia.edu}},
    year         = {2019},
}

@misc{GomezAS,
    author={Tomás L. Gómez},
    title={Algebraic stacks},
    howpublished={\url{https://arxiv.org/abs/math/9911199v1}},
    year={1999}
}

@book{CWM,
    title={Categories for the Working Mathematician (Graduate Texts in Mathematics)},
    author={Saunders Mac Lane},
    publisher={Springer},
    year={2010},
    edition={2nd ed. 1978. Softcover reprint of the original 2nd ed. 1978},
}

@misc{Gomez,
    title={Algebraic stacks},
    author={Tom\`as L. G\`omez},
    note={\url{https://arxiv.org/abs/math/9911199v1}},
    year={1999}
}

@book{ChAlg,
  title={Champs alg{\'e}briques},
  author={Laumon, G. and Moret-Bailly, L.},
  isbn={9783540657613},
  series={Ergebnisse der Mathematik und ihrer Grenzgebiete. 3. Folge (A Series of Modern Surveys in Mathematics)},
  year={1999},
  publisher={Springer Berlin Heidelberg}
}

@book{LMB00,
  title={Champs alg{\'e}briques},
  author={Laumon, G. and Moret-Bailly, L.},
  isbn={9783540657613},
  series={Ergebnisse der Mathematik und ihrer Grenzgebiete. 3. Folge (A Series of Modern Surveys in Mathematics)},
  year={1999},
  publisher={Springer Berlin Heidelberg}
}

@misc{SAGrSch,
    title={Group Schemes},
    author={七条 彰紀},
    year={2018}, month={Sep},
    note={\url{https://github.com/ShitijyouA/MathNotes/blob/master/GroupSchemes/main.pdf}}
}
