@book{HaMo, 
title={Moduli of Curves (Graduate Texts in Mathematics)},
author={Joe Harris and Ian Morrison},
publisher={Springer},
year={1998},
month={8},
edition={1998},
isbn={9780387984292},
totalpages={388},
timestamp={2018.03.17},
}

@book{HarAG, 
title={Algebraic Geometry (Graduate Texts in Mathematics. 52)},
author={Robin Hartshorne},
publisher={Springer},
year={1997},
month={4},
edition={1st ed. 1977. Corr. 8th printing 1997},
isbn={9780387902449},
totalpages={496},
timestamp={2018.03.17},
}

@book{Ati-Mac, 
title={Atiyah‐MacDonald 可換代数入門},
author={M.F. Atiyah and I.G. MacDonald},
publisher={共立出版},
year={2006},
month={2},
isbn={9784320017917},
totalpages={204},
timestamp={2018.03.17},
}

@book{Mat, 
title={Commutative Ring Theory (Cambridge Studies in Advanced Mathematics)},
author={H. Matsumura},
publisher={Cambridge University Press},
year={1989},
month={5},
edition={Revised},
isbn={9780521367646},
totalpages={336},
timestamp={2018.03.17},
}

@book{Awodey, 
title={Category Theory (Oxford Logic Guides)},
author={Steve Awodey},
publisher={Oxford University Press, U.S.A.},
year={2010},
month={8},
edition={2},
isbn={9780199237180},
price={￥ 5,547},
totalpages={328},
timestamp={2018.03.17},
}

@book{Muk1, 
title={モジュライ理論〈1〉},
author={向井 茂},
publisher={岩波書店},
year={2008},
month={12},
isbn={9784000060578},
totalpages={174},
timestamp={2018.03.18},
}

@book{HarDef, 
title={Deformation Theory (Graduate Texts in Mathematics)},
author={Robin Hartshorne},
publisher={Springer},
year={2009},
month={12},
edition={2010},
isbn={9781441915955},
totalpages={234},
timestamp={2018.03.18},
}

@book{Eisen, 
title={Commutative Algebra: with a View Toward Algebraic Geometry (Graduate Texts in Mathematics)},
author={David Eisenbud},
publisher={Springer},
year={1999},
month={3},
edition={1st ed. 1995. Corr. 3rd printing 1999},
isbn={9780387942698},
totalpages={820},
timestamp={2018.03.18},
}

@book{GIT, 
title={Geometric Invariant Theory (Ergebnisse der Mathematik und ihrer Grenzgebiete. 2. Folge)},
author={David Mumford and John Fogarty and Frances Kirwan},
publisher={Springer},
year={2012},
month={10},
edition={Softcover reprint of the original 3rd ed. 1994},
isbn={9783642634000},
totalpages={312},
timestamp={2018.03.18},
}


@article{Ses,
 ISSN = {0003486X},
 url = {http://www.jstor.org/stable/1970870},
 author = {C. S. Seshadri},
 journal = {Annals of Mathematics},
 number = {3},
 pages = {511--556},
 publisher = {Annals of Mathematics},
 title = {Quotient Spaces Modulo Reductive Algebraic Groups},
 volume = {95},
 year = {1972}
}

@unpublished{AV,
    author={Gerard van der Geer, Ben Moonen},
    title={Abelian Varieties},
    note="\url{https://www.math.ru.nl/~bmoonen/research.html}",
}

@unpublished{Hos,
    author={Victoria Hoskins},
    title={Moduli Problems and Geometric Invariant Theory},
    note="\url{https://userpage.fu-berlin.de/hoskins/M15_Lecture_notes.pdf}",
    year={2016},
}

@unpublished{MilneAGS,
    author={J. Milne},
    title={The basic theory of affine group schemes},
    note="\url{http://www.jmilne.org/math/CourseNotes/AGS.pdf}",
}

@unpublished{MilneAGS,
    author={J. Milne},
    title={Algebraic Groups},
    note="\url{http://www.jmilne.org/math/CourseNotes/iAG200.pdf}",
}

@book{DiaShur, 
title={A First Course in Modular Forms (Graduate Texts in Mathematics)},
author={Fred Diamond and Jerry Michael Shurman},
publisher={Springer},
year={2016},
month={10},
edition={1st ed. 2005, Corr. 4th printing 2016},
isbn={9780387232294},
totalpages={450},
timestamp={2018.04.01},
}

@book{GAC, 
title={Geometry of Algebraic Curves: Volume I (Grundlehren der mathematischen Wissenschaften)},
author={Enrico Arbarello and Maurizio Cornalba and Phillip Griffiths and Joseph Daniel Harris},
publisher={Springer},
year={2006},
month={6},
edition={1st ed. 1985, Corr. 2nd printing 2007},
isbn={9780387909974},
totalpages={387},
timestamp={2018.04.01},
}

@unpublished{JTev,
    title={Moduli Spaces and Invariant Theory},
    author={Jenia Tevelev},
    note="\url{http://people.math.umass.edu/~tevelev/797_2017/}"
}

@book{IntroFam,
  title={An Introduction to Families, Deformations and Moduli},
  author={Balaji, T.E.V. and Deutsche Nationalbibliothek},
  isbn={9783941875326},
  series={Universit{\"a}tsdrucke G{\"o}ttingen},
  year={2010},
  publisher={Universit{\"a}tsverlag G{\"o}ttingen}
}
