@book{HaMo, 
    title={Moduli of Curves (Graduate Texts in Mathematics)},
    author={Joe Harris, Ian Morrison},
    publisher={Springer},
    year={1998},
    month={8},
    edition={1998},
    totalpages={388},
}

@book{HarAG, 
    title={Algebraic Geometry (Graduate Texts in Mathematics. 52)},
    author={Robin Hartshorne},
    publisher={Springer},
    year={1997},
    month={4},
    edition={1st ed. 1977. Corr. 8th printing 1997},
    totalpages={496},
}

@book{Awodey, 
    title={Category Theory (Oxford Logic Guides)},
    author={Steve Awodey},
    publisher={Oxford University Press, U.S.A.},
    year={2010},
    month={8},
    edition={2},
}

@book{Muk1, 
    title={モジュライ理論〈1〉},
    author={向井 茂},
    publisher={岩波書店},
    year={2008},
    month={12},
    totalpages={174},
}

@book{HarDef, 
    title={Deformation Theory (Graduate Texts in Mathematics)},
    author={Robin Hartshorne},
    publisher={Springer},
    year={2009},
    month={12},
    edition={2010},
    totalpages={234},
}

@book{Eisen, 
    title={Commutative Algebra: with a View Toward Algebraic Geometry (Graduate Texts in Mathematics)},
    author={David Eisenbud},
    publisher={Springer},
    year={1999},
    month={3},
    edition={1st ed. 1995. Corr. 3rd printing 1999},
    totalpages={820},
}

@book{GIT, 
    title={Geometric Invariant Theory (Ergebnisse der Mathematik und ihrer Grenzgebiete 34)},
    author={David Mumford, John Fogarty, Frances Kirwan},
    publisher={Springer-Verlag},
    year={1992},
    edition={3rd ed.},
}


@article{Ses,
    ISSN = {0003486X},
    url = {http://www.jstor.org/stable/1970870},
    author = {C. S. Seshadri},
    journal = {Annals of Mathematics},
    number = {3},
    pages = {511--556},
    publisher = {Annals of Mathematics},
    title = {Quotient Spaces Modulo Reductive Algebraic Groups},
    volume = {95},
    year = {1972}
}

@misc{AV,
    author={Gerard van der Geer, Ben Moonen},
    title={Abelian Varieties},
    note="\url{https://www.math.ru.nl/~bmoonen/research.html}",
}

@misc{Hos,
    author={Victoria Hoskins},
    title={Moduli Problems and Geometric Invariant Theory},
    note="\url{https://userpage.fu-berlin.de/hoskins/M15_Lecture_notes.pdf}",
    year={2016},
}

@misc{MilneAGS,
    author={J. Milne},
    title={The basic theory of affine group schemes},
    note="\url{http://www.jmilne.org/math/CourseNotes/AGS.pdf}",
}

@misc{MilneAG,
    author={James Milne},
    title={Algebraic Groups},
    note="\url{http://www.jmilne.org/math/CourseNotes/iAG200.pdf}",
}

@misc{JTev,
    title={Moduli Spaces and Invariant Theory},
    author={Jenia Tevelev},
    note="\url{http://people.math.umass.edu/~tevelev/797_2017/}"
}
