@book{HarAG, 
title={Algebraic Geometry (Graduate Texts in Mathematics. 52)},
author={Robin Hartshorne},
publisher={Springer},
year={1997},
month={4},
edition={1st ed. 1977. Corr. 8th printing 1997},
isbn={9780387902449},
totalpages={496},
timestamp={2018.03.17},
}

@book{Ati-Mac, 
title={Atiyah‐MacDonald 可換代数入門},
author={M.F. Atiyah, I.G. MacDonald},
publisher={共立出版},
year={2006},
month={2},
isbn={9784320017917},
totalpages={204},
timestamp={2018.03.17},
}

@book{Mat, 
title={Commutative Ring Theory (Cambridge Studies in Advanced Mathematics)},
author={Hideyuki Matsumura},
publisher={Cambridge University Press},
year={1989},
month={5},
edition={Revised},
isbn={9780521367646},
totalpages={336},
timestamp={2018.03.17},
}

@book{MatTop, 
itle={集合・位相入門},
author={松坂 和夫},
publisher={岩波書店},
year={1968},
month={6},
isbn={9784000054249},
totalpages={329},
}
